@Manual{tidyverse,
  title = {tidyverse: Easily Install and Load the 'Tidyverse'},
  author = {Hadley Wickham},
  year = {2017},
  note = {R package version 1.2.1},
  url = {https://CRAN.R-project.org/package=tidyverse},
}

@Manual{caret,
  title = {caret: Classification and Regression Training},
  author = {Max Kuhn. Contributions from Jed Wing and Steve Weston and Andre Williams and Chris Keefer and Allan Engelhardt and Tony Cooper and Zachary Mayer and Brenton Kenkel and the R Core Team and Michael Benesty and Reynald Lescarbeau and Andrew Ziem and Luca Scrucca and Yuan Tang and Can Candan and Tyler Hunt.},
  year = {2019},
  note = {R package version 6.0-84},
  url = {https://CRAN.R-project.org/package=caret},
}

@Article{sf,
  author = {Edzer Pebesma},
  title = {{Simple Features for R: Standardized Support for Spatial Vector Data}},
  year = {2018},
  journal = {{The R Journal}},
  doi = {10.32614/RJ-2018-009},
  url = {https://doi.org/10.32614/RJ-2018-009},
  pages = {439--446},
  volume = {10},
  number = {1},
}

@Article{pROC,
  title = {pROC: an open-source package for R and S+ to analyze and compare ROC curves},
  author = {Xavier Robin and Natacha Turck and Alexandre Hainard and Natalia Tiberti and Frédérique Lisacek and Jean-Charles Sanchez and Markus Müller},
  year = {2011},
  journal = {BMC Bioinformatics},
  volume = {12},
  pages = {77},
}

@Manual{doParallel,
  title = {doParallel: Foreach Parallel Adaptor for the 'parallel' Package},
  author = {Microsoft Corporation and Steve Weston},
  year = {2018},
  note = {R package version 1.0.14},
  url = {https://CRAN.R-project.org/package=doParallel},
}

@Manual{data.table,
  title = {data.table: Extension of `data.frame`},
  author = {Matt Dowle and Arun Srinivasan},
  year = {2019},
  note = {R package version 1.12.2},
  url = {https://CRAN.R-project.org/package=data.table},
}

@Manual{config,
  title = {config: Manage Environment Specific Configuration Values},
  author = {JJ Allaire},
  year = {2018},
  note = {R package version 0.3},
  url = {https://CRAN.R-project.org/package=config},
}

@Manual{urbnmapr,
  title = {urbnmapr: State and county shapefiles in tibble format},
  author = {Sarah Strochak and Kyle Ueyama and Aaron Williams},
  year = {2019},
  note = {R package version 0.0.0.9002},
  url = {https://github.com/UrbanInstitute/urbnmapr},
}

@Manual{hazel,
  title = {hazel: The basic helpers.},
  author = {Mayra Valdes},
  year = {2019},
  note = {R package version 0.0.0.9000},
}
